<record><leader>00000cas a22000007a 4500</leader><controlfield tag="001">35639723</controlfield><controlfield tag="008">960926d1893189uokuwr n       0    0eng d</controlfield><datafield ind1=" " ind2=" " tag="010"><subfield code="a">sn 96093016 </subfield></datafield><datafield ind1=" " ind2=" " tag="040"><subfield code="a">OBN</subfield><subfield code="b">eng</subfield><subfield code="c">OBN</subfield><subfield code="d">OCLCQ</subfield><subfield code="d">OCLCO</subfield></datafield><datafield ind1="1" ind2=" " tag="029"><subfield code="a">AU@</subfield><subfield code="b">000012911263</subfield></datafield><datafield ind1=" " ind2=" " tag="042"><subfield code="a">msc</subfield></datafield><datafield ind1=" " ind2=" " tag="043"><subfield code="a">n-us-ok</subfield></datafield><datafield ind1="0" ind2=" " tag="130"><subfield code="a">Weekly democrat (Perry, Okla. : 1893)</subfield></datafield><datafield ind1="1" ind2="4" tag="245"><subfield code="a">The Weekly democrat.</subfield></datafield><datafield ind1=" " ind2=" " tag="260"><subfield code="a">Perry, Ok. Ter. [Okla.] :</subfield><subfield code="b">Democrat Pub. Co.</subfield></datafield><datafield ind1=" " ind2=" " tag="300"><subfield code="a">v.</subfield></datafield><datafield ind1=" " ind2=" " tag="310"><subfield code="a">Weekly</subfield></datafield><datafield ind1="1" ind2=" " tag="362"><subfield code="a">Began in 1893.</subfield></datafield><datafield ind1=" " ind2=" " tag="588"><subfield code="a">Description based on: Vol. 1, no. 10 (Jan. 6, 1894).</subfield></datafield><datafield ind1=" " ind2="0" tag="651"><subfield code="a">Perry (Okla.)</subfield><subfield code="v">Newspapers.</subfield></datafield><datafield ind1=" " ind2="0" tag="651"><subfield code="a">Noble County (Okla.)</subfield><subfield code="v">Newspapers.</subfield></datafield><datafield ind1=" " ind2="0" tag="651"><subfield code="a">Oklahoma Territory (Okla.)</subfield><subfield code="v">Newspapers.</subfield></datafield><datafield ind1=" " ind2=" " tag="752"><subfield code="a">United States</subfield><subfield code="b">Oklahoma</subfield><subfield code="c">Noble</subfield><subfield code="d">Perry.</subfield></datafield><datafield ind1="0" ind2=" " tag="775"><subfield code="t">Evening democrat (Perry, Okla. : 1893)</subfield><subfield code="w">(DLC)sn 96093018</subfield><subfield code="w">(OCoLC)35639944</subfield></datafield><datafield ind1="0" ind2="0" tag="785"><subfield code="t">Perry democrat (Weekly: 1895)</subfield><subfield code="w">(DLC)sn 96093017</subfield><subfield code="w">(OCoLC)35639860</subfield></datafield></record>